@misc{Julia2025,
  author       = {{JuliaLang Community}},
  title        = {{The Julia Programming Language}},
  year         = {2025},
  url          = {https://julialang.org/},
  note         = {Accessed: 2025-08-20}
}

@misc{Elixir2025,
  author       = {{Elixir Core Team}},
  title        = {{The Elixir Programming Language}},
  year         = {2025},
  url          = {https://elixir-lang.org/},
  note         = {Accessed: 2025-08-20}
}

@misc{Erlang2025,
  author       = {{Erlang/OTP Team}},
  title        = {{The Erlang Programming Language and OTP}},
  year         = {2025},
  url          = {https://www.erlang.org/},
  note         = {Accessed: 2025-08-20}
}

@misc{Lytvynenko2025,
  title = {Simulating {{Pairwise Communication}} to {{Study Opinion Dynamics}} in {{Networked Communities}}},
  author = {Lytvynenko, Yury and Zholtkevych, Grygoriy},
  year = {2025},
  month = Aug,
  doi = {10.13140/RG.2.2.29044.82566}
}

@misc{PythonDask,
  title = {Dask {\textbar} {{Scale}} the {{Python}} Tools You Love},
  year = 2025,
  urldate = {2025-08-21},
  url = {https://www.dask.org/},
  langid = {english},
  note         = {Accessed: 2025-08-20}
}

@misc{PythonMultiprocessing,
  title = {Multiprocessing --- {{Process-based}} Parallelism},
  year = 2025,
  journal = {Python documentation},
  urldate = {2025-08-21},
  url = {https://docs.python.org/3/library/multiprocessing.html},
  langid = {english},
  note         = {Accessed: 2025-08-20}

}

@misc{PythonRay,
  title = {Scale {{Machine Learning}} \& {{AI Computing}} {\textbar} {{Ray}} by {{Anyscale}}},
  year = 2025,
  journal = {Scale Machine Learning \& AI Computing {\textbar} Ray by Anyscale},
  urldate = {2025-08-21},
  url = {https://ray.io},
  langid = {american},
  note         = {Accessed: 2025-08-20}
}

@misc{PythonThreading,
  title        = {threading â€” Thread-based parallelism},
  author       = {{Python Software Foundation}},
  year         = {2025},
  howpublished = {\url{https://docs.python.org/3/library/threading.html}},
  note         = {Accessed: 2025-08-21}
}

@misc{AwsInstanceTypes2025,
  title = {Cloud {{Compute Instances}} -- {{Amazon EC2 Instance Types}} -- {{AWS}}},
  journal = {Amazon Web Services, Inc.},
  urldate = {2025-08-25},
  year = {2025},
  url = {https://aws.amazon.com/ec2/instance-types/},
  langid = {american},
  note         = {Accessed: 2025-08-25}
}

@article{Thomson1958,
  title = {A {{Modified Congruence Method}} of {{Generating Pseudo-random Numbers}}},
  author = {Thomson, W. E.},
  year = {1958},
  month = jan,
  journal = {The Computer Journal},
  volume = {1},
  number = {2},
  pages = {83},
  issn = {0010-4620},
  doi = {10.1093/comjnl/1.2.83},
  urldate = {2025-08-25}
}

@misc{pep703,
  title = {{{PEP}} 703 -- {{Making}} the {{Global Interpreter Lock Optional}} in {{CPython}} {\textbar} Peps.Python.Org},
  journal = {Python Enhancement Proposals (PEPs)},
  year = {2025},
  urldate = {2025-08-27},
  note         = {Accessed: 2025-08-25},
  howpublished = {https://peps.python.org/pep-0703/},
  langid = {english}
}
